%% This BibTeX bibliography file was created using BibDesk.
%% https://bibdesk.sourceforge.io/

%% Created for vaioco at 2018-04-15 22:04:30 +0200 


%% Saved with string encoding Unicode (UTF-8) 

@inproceedings{yamaguchi2014modeling,
  title={Modeling and discovering vulnerabilities with code property graphs},
  author={Yamaguchi, Fabian and Golde, Nico and Arp, Daniel and Rieck, Konrad},
  booktitle={Security and Privacy (SP), 2014 IEEE Symposium on},
  pages={590--604},
  year={2014},
  organization={IEEE}
}

@inproceedings{yamaguchi2015automatic,
  title={Automatic inference of search patterns for taint-style vulnerabilities},
  author={Yamaguchi, Fabian and Maier, Alwin and Gascon, Hugo and Rieck, Konrad},
  booktitle={Security and Privacy (SP), 2015 IEEE Symposium on},
  pages={797--812},
  year={2015},
  organization={IEEE}
}
@inproceedings{rodriguez2015gremlin,
  title={The gremlin graph traversal machine and language (invited talk)},
  author={Rodriguez, Marko A},
  booktitle={Proceedings of the 15th Symposium on Database Programming Languages},
  pages={1--10},
  year={2015},
  organization={ACM}
}
@article{yamaguchi2015pattern,
  title={Pattern-Based Vulnerability Discovery},
  author={Yamaguchi, Fabian},
  year={2015}
}
@inproceedings{yamaguchi2011vulnerability,
  title={Vulnerability extrapolation: assisted discovery of vulnerabilities using machine learning},
  author={Yamaguchi, Fabian and Lindner, Felix and Rieck, Konrad},
  booktitle={Proceedings of the 5th USENIX conference on Offensive technologies},
  pages={13--13},
  year={2011},
  organization={USENIX Association}
}

@inproceedings{russello2013firedroid,
	Author = {Russello, Giovanni and Jimenez, Arturo Blas and Naderi, Habib and van der Mark, Wannes},
	Booktitle = {Proceedings of the 29th Annual Computer Security Applications Conference},
	Date-Added = {2018-04-15 19:41:23 +0000},
	Date-Modified = {2018-04-15 19:42:47 +0000},
	Organization = {ACM},
	Title = {Firedroid: Hardening security in almost-stock android},
	Year = {1023}}

@inproceedings{mahmood2012whitebox,
	Author = {Mahmood, Riyadh and Esfahani, Naeem and Kacem, Thabet and Mirzaei, Nariman and Malek, Sam and Stavrou, Angelos},
	Booktitle = {Automation of Software Test (AST), 2012 7th International Workshop on},
	Organization = {IEEE},
	Pages = {22--28},
	Title = {A whitebox approach for automated security testing of Android applications on the cloud},
	Year = {2012}}

@article{mirzaei2012testing,
	Author = {Mirzaei, Nariman and Malek, Sam and P{\u{a}}s{\u{a}}reanu, Corina S and Esfahani, Naeem and Mahmood, Riyadh},
	Journal = {ACM SIGSOFT Software Engineering Notes},
	Number = {6},
	Pages = {1--5},
	Publisher = {ACM},
	Title = {Testing android apps through symbolic execution},
	Volume = {37},
	Year = {2012}}

@inproceedings{rasthofer2016harvesting,
	Author = {Rasthofer, Siegfried and Arzt, Steven and Miltenberger, Marc and Bodden, Eric},
	Booktitle = {NDSS},
	Title = {Harvesting Runtime Values in Android Applications That Feature Anti-Analysis Techniques.},
	Year = {2016}}

@inproceedings{rastogi2013appsplayground,
	Author = {Rastogi, Vaibhav and Chen, Yan and Enck, William},
	Booktitle = {Proceedings of the third ACM conference on Data and application security and privacy},
	Organization = {ACM},
	Pages = {209--220},
	Title = {AppsPlayground: automatic security analysis of smartphone applications},
	Year = {2013}}

@article{reina2013system,
	Author = {Reina, Alessandro and Fattori, Aristide and Cavallaro, Lorenzo},
	Journal = {EuroSec, April},
	Title = {A system call-centric analysis and stimulation technique to automatically reconstruct android malware behaviors},
	Year = {2013}}

@inproceedings{zheng2012smartdroid,
	Author = {Zheng, Cong and Zhu, Shixiong and Dai, Shuaifu and Gu, Guofei and Gong, Xiaorui and Han, Xinhui and Zou, Wei},
	Booktitle = {Proceedings of the second ACM workshop on Security and privacy in smartphones and mobile devices},
	Organization = {ACM},
	Pages = {93--104},
	Title = {Smartdroid: an automatic system for revealing ui-based trigger conditions in android applications},
	Year = {2012}}

@article{costamagna2016artdroid,
	Author = {Costamagna, Valerio and Zheng, Cong},
	Journal = {Proceedings of the 2016 Innovations in Mobile Privacy and Security (IMPS)},
	Pages = {24--32},
	Title = {ARTDroid: A virtual-method hooking framework on android ART runtime},
	Year = {2016}}

@misc{gdpr,
	Howpublished = {\url{https://www.eugdpr.org/}},
	Note = {Accessed: 2017-01-30},
	Title = {General Data Protection Regulation}}

@inproceedings{backes2015boxify,
	Author = {Backes, Michael and Bugiel, Sven and Hammer, Christian and Schranz, Oliver and von Styp-Rekowsky, Philipp},
	Booktitle = {24th USENIX Security Symposium (USENIX Security 15)},
	Pages = {691--706},
	Title = {Boxify: Full-fledged app sandboxing for stock Android},
	Year = {2015}}

@inproceedings{wang2015deepdroid,
	Author = {Wang, Xueqiang and Sun, Kun and Wang, Yuewu and Jing, Jiwu},
	Booktitle = {NDSS},
	Title = {DeepDroid: Dynamically Enforcing Enterprise Policy on Android Devices.},
	Year = {2015}}

@article{enck2014taintdroid,
	Author = {Enck, William and Gilbert, Peter and Han, Seungyeop and Tendulkar, Vasant and Chun, Byung-Gon and Cox, Landon P and Jung, Jaeyeon and McDaniel, Patrick and Sheth, Anmol N},
	Journal = {ACM Transactions on Computer Systems (TOCS)},
	Number = {2},
	Pages = {5},
	Publisher = {ACM},
	Title = {TaintDroid: an information-flow tracking system for realtime privacy monitoring on smartphones},
	Volume = {32},
	Year = {2014}}

@techreport{li2016static,
	Author = {Li, Li and Bissyande, Tegawend{\'e} Fran{\c{c}}ois D Assise and Papadakis, Mike and Rasthofer, Siegfried and Bartel, Alexandre and Octeau, Damien and Klein, Jacques and Le Traon, Yves},
	Institution = {SnT},
	Title = {{Static Analysis of Android Apps: A Systematic Literature Review}},
	Year = {2016}}

@article{Smali,
	Author = {Gruver, Ben},
	Journal = {https://github.com/JesusFreke/smali/wiki},
	Title = {{Smali/Baksmali Tool}},
	Year = {2015}}

@inproceedings{johnson2013forced,
	Author = {Johnson, Ryan and Stavrou, Angelos},
	Booktitle = {Software Security and Reliability-Companion (SERE-C), 2013 IEEE 7th International Conference on},
	Organization = {IEEE},
	Pages = {188--197},
	Title = {Forced-path execution for android applications on x86 platforms},
	Year = {2013}}

@inproceedings{li2015iccta,
	Author = {Li, Li and Bartel, Alexandre and Bissyand{\'e}, Tegawend{\'e} F and Klein, Jacques and Le Traon, Yves and Arzt, Steven and Rasthofer, Siegfried and Bodden, Eric and Octeau, Damien and McDaniel, Patrick},
	Booktitle = {Proceedings of the 37th International Conference on Software Engineering-Volume 1},
	Organization = {IEEE Press},
	Pages = {280--291},
	Title = {{Iccta: Detecting inter-component privacy leaks in Android apps}},
	Year = {2015}}

@inproceedings{hoffmann2013slicing,
	Author = {Hoffmann, Johannes and Ussath, Martin and Holz, Thorsten and Spreitzenbarth, Michael},
	Booktitle = {Proceedings of the 28th Annual ACM Symposium on Applied Computing},
	Organization = {ACM},
	Pages = {1844--1851},
	Title = {{Slicing droids: Program slicing for Smali code}},
	Year = {2013}}

@inproceedings{backes2016r,
	Author = {Backes, Michael and Bugiel, Sven and Derr, Erik and Gerling, Sebastian and Hammer, Christian},
	Booktitle = {Proceedings of the 11th ACM on Asia Conference on Computer and Communications Security},
	Organization = {ACM},
	Pages = {129--140},
	Title = {{R-Droid: Leveraging Android App Analysis with Static Slice Optimization}},
	Year = {2016}}

@techreport{rasthofer2015harvesting,
	Author = {Rasthofer, Siegfried and Arzt, Steven and Miltenberger, Marc and Bodden, Eric},
	Institution = {Technical Report TUD-CS-2015-0031, EC SPRIDE},
	Title = {Harvesting runtime data in android applications for identifying malware and enhancing code analysis},
	Year = {2015}}

@inproceedings{weiser1981program,
	Author = {Weiser, Mark},
	Booktitle = {Proceedings of the 5th international conference on Software engineering},
	Organization = {IEEE Press},
	Pages = {439--449},
	Title = {Program slicing},
	Year = {1981}}

@article{allen1976program,
	Author = {Allen, Frances E. and Cocke, John},
	Journal = {Communications of the ACM},
	Number = {3},
	Pages = {137},
	Publisher = {ACM},
	Title = {A program data flow analysis procedure},
	Volume = {19},
	Year = {1976}}

@article{fosdick1976data,
	Author = {Fosdick, Lloyd D and Osterweil, Leon J},
	Journal = {ACM Computing Surveys (CSUR)},
	Number = {3},
	Pages = {305--330},
	Publisher = {ACM},
	Title = {Data flow analysis in software reliability},
	Volume = {8},
	Year = {1976}}

@article{wong2016intellidroid,
	Author = {Wong, Michelle Y and Lie, David},
	Title = {IntelliDroid: A Targeted Input Generator for the Dynamic Analysis of Android Malware},
	Year = {2016}}

@inproceedings{zhauniarovich2015stadyna,
	Author = {Zhauniarovich, Yury and Ahmad, Maqsood and Gadyatskaya, Olga and Crispo, Bruno and Massacci, Fabio},
	Booktitle = {Proceedings of the 5th ACM Conference on Data and Application Security and Privacy},
	Organization = {ACM},
	Pages = {37--48},
	Title = {StaDynA: Addressing the problem of dynamic code updates in the security analysis of Android applications},
	Year = {2015}}

@inproceedings{Zhou:2015-Harvesting,
	Acmid = {2766499},
	Address = {New York, NY, USA},
	Articleno = {23},
	Author = {Zhou, Yajin and Wu, Lei and Wang, Zhi and Jiang, Xuxian},
	Booktitle = {Proceedings of the 8th ACM Conference on Security \& Privacy in Wireless and Mobile Networks},
	Doi = {10.1145/2766498.2766499},
	Isbn = {978-1-4503-3623-9},
	Keywords = {Amazon AWS, CredMiner, information flow, static analysis},
	Location = {New York, New York},
	Numpages = {12},
	Pages = {23:1--23:12},
	Publisher = {ACM},
	Series = {WiSec '15},
	Title = {Harvesting Developer Credentials in Android Apps},
	Url = {http://doi.acm.org/10.1145/2766498.2766499},
	Year = {2015},
	Bdsk-Url-1 = {http://doi.acm.org/10.1145/2766498.2766499},
	Bdsk-Url-2 = {https://doi.org/10.1145/2766498.2766499}}

@article{azim2013targeted,
	Author = {Azim, Tanzirul and Neamtiu, Iulian},
	Journal = {ACM SIGPLAN Notices},
	Number = {10},
	Pages = {641--660},
	Publisher = {ACM},
	Title = {Targeted and depth-first exploration for systematic testing of android apps},
	Volume = {48},
	Year = {2013}}

@inproceedings{machiry2013dynodroid,
	Author = {MacHiry, Aravind and Tahiliani, Rohan and Naik, Mayur},
	Booktitle = {Proceedings of the 2013 9th Joint Meeting on Foundations of Software Engineering},
	Organization = {ACM},
	Pages = {224--234},
	Title = {Dynodroid: An input generation system for android apps},
	Year = {2013}}

@inproceedings{hao2014puma,
	Author = {Hao, Shuai and Liu, Bin and Nath, Suman and Halfond, William GJ and Govindan, Ramesh},
	Booktitle = {Proceedings of the 12th annual international conference on Mobile systems, applications, and services},
	Organization = {ACM},
	Pages = {204--217},
	Title = {PUMA: programmable UI-automation for large-scale dynamic analysis of mobile apps},
	Year = {2014}}

@article{gianazza2013puppetdroid,
	Author = {Gianazza, Andrea},
	Publisher = {Italy},
	Title = {PuppetDroid: a remote execution environment and UI exerciser for Android malware analysis},
	Year = {2013}}

@inproceedings{yang2013appintent,
	Author = {Yang, Zhemin and Yang, Min and Zhang, Yuan and Gu, Guofei and Ning, Peng and Wang, X Sean},
	Booktitle = {Proceedings of the 2013 ACM SIGSAC conference on Computer \& communications security},
	Organization = {ACM},
	Pages = {1043--1054},
	Title = {Appintent: Analyzing sensitive data transmission in android for privacy leakage detection},
	Year = {2013}}

@inproceedings{jensen2013automated,
	Author = {Jensen, Casper S and Prasad, Mukul R and M{\o}ller, Anders},
	Booktitle = {Proceedings of the 2013 International Symposium on Software Testing and Analysis},
	Organization = {ACM},
	Pages = {67--77},
	Title = {Automated testing with targeted event sequence generation},
	Year = {2013}}

@incollection{ma2011directed,
	Author = {Ma, Kin-Keung and Phang, Khoo Yit and Foster, Jeffrey S and Hicks, Michael},
	Booktitle = {Static Analysis},
	Pages = {95--111},
	Publisher = {Springer},
	Title = {Directed symbolic execution},
	Year = {2011}}

@article{jeon2012symdroid,
	Author = {Jeon, Jinseong and Micinski, Kristopher K and Foster, Jeffrey S},
	Title = {SymDroid: Symbolic execution for Dalvik bytecode},
	Year = {2012}}

@inproceedings{anand2012automated,
	Author = {Anand, Saswat and Naik, Mayur and Harrold, Mary Jean and Yang, Hongseok},
	Booktitle = {Proceedings of the ACM SIGSOFT 20th International Symposium on the Foundations of Software Engineering},
	Organization = {ACM},
	Pages = {59},
	Title = {Automated concolic testing of smartphone apps},
	Year = {2012}}

@inproceedings{octeau2015composite,
	Author = {Octeau, Damien and Luchaup, Daniel and Dering, Matthew and Jha, Somesh and McDaniel, Patrick},
	Booktitle = {Proceedings of the 37th International Conference on Software Engineering-Volume 1},
	Organization = {IEEE Press},
	Pages = {77--88},
	Title = {{Composite constant propagation: Application to Android inter-component communication analysis}},
	Year = {2015}}

@inproceedings{octeau2013effective,
	Author = {Octeau, Damien and McDaniel, Patrick and Jha, Somesh and Bartel, Alexandre and Bodden, Eric and Klein, Jacques and Le Traon, Yves},
	Booktitle = {Presented as part of the 22nd USENIX Security Symposium (USENIX Security 13)},
	Pages = {543--558},
	Title = {{Effective inter-component communication mapping in Android: An essential step towards holistic security analysis}},
	Year = {2013}}

@article{arzt2014flowdroid,
	Author = {Arzt, Steven and Rasthofer, Siegfried and Fritz, Christian and Bodden, Eric and Bartel, Alexandre and Klein, Jacques and Le Traon, Yves and Octeau, Damien and McDaniel, Patrick},
	Journal = {ACM SIGPLAN Notices},
	Number = {6},
	Pages = {259--269},
	Publisher = {ACM},
	Title = {{Flowdroid: Precise context, flow, field, object-sensitive and lifecycle-aware taint analysis for Android apps}},
	Volume = {49},
	Year = {2014}}

@article{enck2009understanding,
	Author = {Enck, William and Ongtang, Machigar and McDaniel, Patrick},
	Journal = {IEEE security \& privacy},
	Number = {1},
	Pages = {50--57},
	Publisher = {IEEE},
	Title = {Understanding android security},
	Year = {2009}}

@inproceedings{petsas2014rage,
	Author = {Petsas, Thanasis and Voyatzis, Giannis and Athanasopoulos, Elias and Polychronakis, Michalis and Ioannidis, Sotiris},
	Booktitle = {Proceedings of the Seventh European Workshop on System Security},
	Organization = {ACM},
	Pages = {5},
	Title = {Rage against the virtual machine: hindering dynamic analysis of android malware},
	Year = {2014}}

@inproceedings{hao2013effectiveness,
	Author = {Hao, Hao and Singh, Vicky and Du, Wenliang},
	Booktitle = {Proceedings of the 8th ACM SIGSAC symposium on Information, computer and communications security},
	Organization = {ACM},
	Pages = {25--36},
	Title = {On the effectiveness of API-level access control using bytecode rewriting in Android},
	Year = {2013}}

@inproceedings{lee2014zygote,
	Author = {Lee, Byoungyoung and Lu, Long and Wang, Tielei and Kim, Taesoo and Lee, Wenke},
	Booktitle = {Security and Privacy (SP), 2014 IEEE Symposium on},
	Organization = {IEEE},
	Pages = {424--439},
	Title = {From zygote to morula: Fortifying weakened aslr on android},
	Year = {2014}}

@inproceedings{rasthofer2014machine,
	Author = {Rasthofer, Siegfried and Arzt, Steven and Bodden, Eric},
	Booktitle = {NDSS},
	Title = {A Machine-learning Approach for Classifying and Categorizing Android Sources and Sinks.},
	Year = {2014}}

@inproceedings{davis2013retroskeleton,
	Author = {Davis, Benjamin and Chen, Hao},
	Booktitle = {Proceeding of the 11th annual international conference on Mobile systems, applications, and services},
	Organization = {ACM},
	Pages = {181--192},
	Title = {RetroSkeleton: retrofitting android apps},
	Year = {2013}}

@inproceedings{enck2011study,
	Author = {Enck, William and Octeau, Damien and McDaniel, Patrick and Chaudhuri, Swarat},
	Booktitle = {USENIX security symposium},
	Pages = {2},
	Title = {A Study of Android Application Security.},
	Volume = {2},
	Year = {2011}}

@inproceedings{zhou2015hybrid,
	Author = {Zhou, Yajin and Patel, Kunal and Wu, Lei and Wang, Zhi and Jiang, Xuxian},
	Booktitle = {Proceedings of the 10th ACM Symposium on Information, Computer and Communications Security},
	Organization = {ACM},
	Pages = {19--30},
	Title = {Hybrid user-level sandboxing of third-party Android apps},
	Year = {2015}}

@incollection{backes2013appguard,
	Author = {Backes, Michael and Gerling, Sebastian and Hammer, Christian and Maffei, Matteo and von Styp-Rekowsky, Philipp},
	Booktitle = {Tools and Algorithms for the Construction and Analysis of Systems},
	Pages = {543--548},
	Publisher = {Springer},
	Title = {AppGuard--enforcing user requirements on android apps},
	Year = {2013}}

@article{davis2012arm,
	Author = {Davis, Benjamin and Sanders, Ben and Khodaverdian, Armen and Chen, Hao},
	Journal = {Mobile Security Technologies},
	Title = {I-arm-droid: A rewriting framework for in-app reference monitors for android applications},
	Volume = {2012},
	Year = {2012}}

@inproceedings{mulliner2013patchdroid,
	Author = {Mulliner, Collin and Oberheide, Jon and Robertson, William and Kirda, Engin},
	Booktitle = {Proceedings of the 29th Annual Computer Security Applications Conference},
	Organization = {ACM},
	Pages = {259--268},
	Title = {PatchDroid: scalable third-party security patches for Android devices},
	Year = {2013}}

@article{afonso2015identifying,
	Author = {Afonso, Vitor Monte and de Amorim, Matheus Favero and Gr{\'e}gio, Andr{\'e} Ricardo Abed and Junquera, Glauco Barroso and de Geus, Paulo L{\'\i}cio},
	Journal = {Journal of Computer Virology and Hacking Techniques},
	Number = {1},
	Pages = {9--17},
	Publisher = {Springer},
	Title = {Identifying Android malware using dynamically obtained features},
	Volume = {11},
	Year = {2015}}

@misc{Frida,
	Howpublished = {\url{https://frida.re}},
	Note = {Accessed: 2016-02-27},
	Title = {{Frida}.re}}

@misc{DDI,
	Howpublished = {\url{https://github.com/crmulliner/ddi}},
	Note = {Accessed: 2016-02-27},
	Title = {Dalvik Dynamic Instrumentation framework}}

@misc{Xposed,
	Howpublished = {\url{https://repo.xposed.info}},
	Note = {Accessed: 2016-02-27},
	Title = {Xposed framework}}

@misc{JNI,
	Howpublished = {\url{https://docs.oracle.com/javase/7/docs/technotes/ guides/jni/}},
	Note = {Accessed: 2016-02-27},
	Title = {Java Native Interface}}

@misc{SDK,
	Howpublished = {\url{http://developer.android.com/sdk/index.html}},
	Note = {Accessed: 2016-02-27},
	Title = {Software Developer Kit}}

@misc{NDK,
	Howpublished = {\url{http://developer.android.com/tools/sdk/ndk/index.html}},
	Note = {Accessed: 2016-02-27},
	Title = {Software Developer Kit}}

@misc{ADBI,
	Howpublished = {\url{https://github.com/Samsung/ADBI}},
	Note = {Accessed: 2016-02-27},
	Title = {Android dynamic binary instrumentation}}

@misc{SuSi,
	Howpublished = {\url{https://github.com/secure-software-engineering/SuSi}},
	Note = {Accessed: 2016-02-27},
	Title = {SuSi}}

@misc{Apimonitor,
	Howpublished = {\url{https://code.google.com/p/droidbox/wiki/APIMonitor}},
	Note = {Accessed: 2016-02-27},
	Title = {Apimonitor sandbox}}

@inproceedings{au2012pscout,
	Author = {Au, Kathy Wain Yee and Zhou, Yi Fan and Huang, Zhen and Lie, David},
	Booktitle = {Proceedings of the 2012 ACM conference on Computer and communications security},
	Organization = {ACM},
	Pages = {217--228},
	Title = {Pscout: analyzing the android permission specification},
	Year = {2012}}

@inproceedings{arp2014drebin,
	Author = {Arp, Daniel and Spreitzenbarth, Michael and Hubner, Malte and Gascon, Hugo and Rieck, Konrad},
	Booktitle = {NDSS},
	Title = {DREBIN: Effective and Explainable Detection of Android Malware in Your Pocket.},
	Year = {2014}}

@inproceedings{poeplau2014execute,
	Author = {Poeplau, Sebastian and Fratantonio, Yanick and Bianchi, Antonio and Kruegel, Christopher and Vigna, Giovanni},
	Booktitle = {NDSS},
	Pages = {23--26},
	Title = {Execute This! Analyzing Unsafe and Malicious Dynamic Code Loading in Android Applications.},
	Volume = {14},
	Year = {2014}}

@inproceedings{grace2012systematic,
	Author = {Grace, Michael C and Zhou, Yajin and Wang, Zhi and Jiang, Xuxian},
	Booktitle = {NDSS},
	Title = {Systematic Detection of Capability Leaks in Stock Android Smartphones.},
	Year = {2012}}

@inproceedings{bianchi2015njas,
	Author = {Bianchi, Antonio and Fratantonio, Yanick and Kruegel, Christopher and Vigna, Giovanni},
	Booktitle = {Proceedings of the 5th Annual ACM CCS Workshop on Security and Privacy in Smartphones and Mobile Devices},
	Organization = {ACM},
	Pages = {27--38},
	Title = {NJAS: Sandboxing Unmodified Applications in non-rooted Devices Running stock Android},
	Year = {2015}}

@inproceedings{jiang2013detecting,
	Author = {Jiang, Yajin Zhou Xuxian},
	Booktitle = {Proceedings of the 20th Network and Distributed System Security Symposium (NDSS)},
	Title = {Detecting passive content leaks and pollution in android applications},
	Year = {2013}}

@inproceedings{mulliner2014virtualswindle,
	Author = {Mulliner, Collin and Robertson, William and Kirda, Engin},
	Booktitle = {Proceedings of the 9th ACM symposium on Information, computer and communications security},
	Organization = {ACM},
	Pages = {459--470},
	Title = {Virtualswindle: An automated attack against in-app billing on android},
	Year = {2014}}

@inproceedings{xu2012aurasium,
	Author = {Xu, Rubin and Sa{\"\i}di, Hassen and Anderson, Ross},
	Booktitle = {Presented as part of the 21st USENIX Security Symposium (USENIX Security 12)},
	Pages = {539--552},
	Title = {Aurasium: Practical policy enforcement for android applications},
	Year = {2012}}

@electronic{firemalware,
	Howpublished = {\url{https://www.fireeye.com/blog/threat-research/2016/06/latest-android-overlay-malware-spreading-in-europe.html}},
	Title = {{FireEye Malware spreading in Europe}}}

@electronic{vbmalware,
	Howpublished = {\url{https://www.virusbulletin.com/virusbulletin/2014/07/obfuscation-android-malware-and-how-fight-back}},
	Title = {{Obfuscation in Android malware, and how to fight back}}}

@electronic{rumms,
	Howpublished = {\url{https://www.fireeye.com/blog/threat-research/2016/04/rumms-android-malware.html}},
	Title = {{RUMMS: The last family of Android malware attacking users in Russia via SMS phishing}}}

@electronic{parasites,
	Howpublished = {\url{http://researchcenter.paloaltonetworks.com/2013/08/parasites-android-malware-discovered-by-wildfire/}},
	Title = {{Parasites Android Malware Discovered by WildFire}}}

@electronic{acecard,
	Howpublished = {\url{https://blog.lookout.com/blog/2016/05/16/acecard-banking-trojan/}},
	Title = {{The house always wins: Takedown of a banking trojan in Google Play}}}

@electronic{adware,
	Howpublished = {\url{https://blog.lookout.com/blog/2015/11/04/trojanized-adware/}},
	Title = {{Lookout discovers new trojanized adware; 20K popular apps caught in the crossfire}}}

@electronic{adwaregplay,
	Howpublished = {\url{https://blog.lookout.com/blog/2015/03/18/adware-google-play/}},
	Title = {{13 more pieces of adware slip into the Google Play store}}}

@electronic{iccre,
	Howpublished = {\url{https://sites.google.com/site/icctawebpage/dataset}},
	Title = {{IccRE, ICC malware REpository.}}}

@electronic{dexguardpage,
	Howpublished = {\url{https://www.guardsquare.com/dexguard}},
	Title = {{Dexguard - security software for Android apps}}}

@electronic{droidbenchpage,
	Howpublished = {\url{https://blogs.uni-paderborn.de/sse/tools/droidbench/}},
	Title = {{Droidbench suite}}}

@electronic{Malgenome_webpage,
	Howpublished = {\url{http://www.malgenomeproject.org/}},
	Title = {{Android Malware Genome Project}}}

@electronic{CustomClassLoadingInDalvik_webpage,
	Author = {Fred Chung},
	Howpublished = {\url{http://android-developers.blogspot.it/2011/07/custom-class-loading-in-dalvik.html}},
	Title = {{Custom Class Loading in Dalvik}}}

@electronic{AndroidSecurityTips_webpage,
	Howpublished = {\url{http://developer.android.com/training/articles/security-tips.html}},
	Title = {{Security Tips}}}

@electronic{JavaDynamics_ClassLoading_webpage,
	Author = {Dennis Sosnoski},
	Howpublished = {\url{http://www.ibm.com/developerworks/java/library/j-dyn0429/}},
	Title = {{Java programming dynamics, Part 1: Java classes and class loading}}}

@electronic{AndroidSources_ClassLoader_webpage,
	Howpublished = {\url{https://android.googlesource.com/platform/libcore/+/master/luni/src/main/java/java/lang/ClassLoader.java}},
	Title = {{Android Sources - ClassLoader.java}}}

@electronic{AndroidSources_VMClassLoader_webpage,
	Howpublished = {\url{https://android.googlesource.com/platform/libcore/+/master/luni/src/main/java/java/lang/VMClassLoader.java}},
	Title = {{Android Sources - VMClassLoader.java}}}

@electronic{AndroidSources_VMClassLoader_native_webpage,
	Howpublished = {\url{https://android.googlesource.com/platform/dalvik/+/master/vm/native/java_lang_VMClassLoader.cpp}},
	Title = {{Android Sources - java\_lang\_VMClassLoader.cpp}}}

@electronic{AndroidSources_Class_native_webpage,
	Howpublished = {\url{https://android.googlesource.com/platform/dalvik/+/master/vm/oo/Class.cpp}},
	Title = {{Android Sources - Class.cpp}}}

@electronic{AndroidSources_AccessibleObject_webpage,
	Howpublished = {\url{https://android.googlesource.com/platform/libcore/+/master/luni/src/main/java/java/lang/reflect/AccessibleObject.java}},
	Title = {{Android Sources - AccessibleObject.java}}}

@electronic{AndroidDocs_Class_webpage,
	Howpublished = {\url{http://developer.android.com/reference/java/lang/Class.html}},
	Title = {{Android API docs - Class}}}

@electronic{AndroidDocs_SecurityManager_webpage,
	Howpublished = {\url{http://developer.android.com/reference/java/lang/SecurityManager.html}},
	Title = {{Android API docs - SecurityManager}}}

@electronic{AndroidDocs_ClassLoader_webpage,
	Howpublished = {\url{http://developer.android.com/reference/java/lang/ClassLoader.html}},
	Title = {{Android API docs - ClassLoader}}}

@electronic{AndroidDocs_PathClassLoader_webpage,
	Howpublished = {\url{http://developer.android.com/reference/dalvik/system/PathClassLoader.html}},
	Title = {{Android API docs - PathClassLoader}}}

@electronic{AndroidDocs_BaseDexClassLoader_webpage,
	Howpublished = {\url{http://developer.android.com/reference/dalvik/system/BaseDexClassLoader.html}},
	Title = {{Android API docs - BaseDexClassLoader}}}

@electronic{AndroidDocs_DexClassLoader_webpage,
	Howpublished = {\url{http://developer.android.com/reference/dalvik/system/DexClassLoader.html}},
	Title = {{Android API docs - DexClassLoader}}}

@electronic{AndroidDocs_URLClassLoader_webpage,
	Howpublished = {\url{http://developer.android.com/reference/java/net/URLClassLoader.html}},
	Title = {{Android API docs - URLClassLoader}}}

@electronic{AndroidDocs_SecureClassLoader_webpage,
	Howpublished = {\url{http://developer.android.com/reference/java/security/SecureClassLoader.html}},
	Title = {{Android API docs - SecureClassLoader}}}

@electronic{AndroidDocs_JavaSecurityPackage_webpage,
	Howpublished = {\url{http://developer.android.com/reference/java/security/package-summary.html}},
	Title = {{Android API docs - java.security package}}}

@electronic{AndroidDocs_System_webpage,
	Howpublished = {\url{http://developer.android.com/reference/java/lang/System.html}},
	Title = {{Android API docs - System}}}

@electronic{AndroidDocs_DexFile_webpage,
	Howpublished = {\url{http://developer.android.com/reference/dalvik/system/DexFile.html}},
	Title = {{Android API docs - DexFile}}}

@electronic{AndroidDocs_Field_webpage,
	Howpublished = {\url{http://developer.android.com/reference/java/lang/reflect/Field.html}},
	Title = {{Android API docs - Field}}}

@electronic{AndroidDocs_Method_webpage,
	Howpublished = {\url{http://developer.android.com/reference/java/lang/reflect/Method.html}},
	Title = {{Android API docs - Method}}}

@electronic{AndroidDocs_Constructor_webpage,
	Howpublished = {\url{http://developer.android.com/reference/java/lang/reflect/Constructor.html}},
	Title = {{Android API docs - Constructor}}}

@electronic{AnserverBot_report,
	Author = {Yajin Zhou and Xuxian Jiang},
	Howpublished = {\url{http://www.csc.ncsu.edu/faculty/jiang/pubs/AnserverBot_Analysis.pdf}},
	Month = {September},
	Note = {Online Report},
	Title = {{An Analysis of the AnserverBot Trojan}},
	Year = {2011}}

@electronic{PythonZipmoduleIssue_webpage,
	Howpublished = {\url{http://bugs.python.org/issue14315}},
	Title = {{Python Zipmodule Issue - 14315}}}

@electronic{AndroGuard_webpage,
	Howpublished = {\url{https://code.google.com/p/androguard/}},
	Title = {{AndroGuard}}}

@electronic{GooglePlay_webpage,
	Howpublished = {\url{https://play.google.com/store/apps}},
	Title = {{Google Play store}}}

@electronic{FDroid_webpage,
	Howpublished = {\url{http://f-droid.org/}},
	Title = {{F-Droid repository}}}

@electronic{GEXF_webpage,
	Howpublished = {\url{http://gexf.net/format/}},
	Title = {{GEXF File Format}}}

@electronic{Gephi_webpage,
	Howpublished = {\url{http://gephi.org/}},
	Title = {{Gephi - The Open Graph Viz Platform}}}

@inproceedings{DissectingAndroidMalware_Zhou2012,
	Author = {Zhou, Yajin and Jiang, Xuxian},
	Booktitle = {Proceedings of the 2012 IEEE Symposium on Security and Privacy},
	Pages = {95--109},
	Publisher = {IEEE Computer Society},
	Title = {Dissecting Android Malware: Characterization and Evolution},
	Year = {2012}}

@phdthesis{Reflection_Smith1982,
	Author = {Smith, Brian Cantwell},
	School = {Massachusetts Institute of Technology, Laboratory for Computer Science},
	Title = {Procedural Reflection in Programming Languages},
	Url = {http://publications.csail.mit.edu/lcs/pubs/pdf/MIT-LCS-TR-272.pdf},
	Year = {1982},
	Bdsk-Url-1 = {http://publications.csail.mit.edu/lcs/pubs/pdf/MIT-LCS-TR-272.pdf}}

@masterthesis{StaticAnanlysisOfDalvikBytecode_2012,
	Author = {Wognsen, Erik Ramsgaard and Karlsen, Henrik S{\o}ndberg},
	School = {Aalborg University, Software Engineering},
	Title = {Static Analysis of Dalvik Bytecode and Reflection in Android},
	Url = {http://projekter.aau.dk/projekter/files/63640573/rapport.pdf},
	Year = {2012},
	Bdsk-Url-1 = {http://projekter.aau.dk/projekter/files/63640573/rapport.pdf}}

@incollection{ClosInContext_Bobrow1993,
	Author = {Bobrow, Daniel G. and Gabriel, Richard P. and White, Jon L.},
	Chapter = {CLOS in context: the shape of the design space},
	Editor = {Paepcke, Andreas},
	Pages = {29--61},
	Publisher = {MIT Press},
	Title = {Object-oriented programming},
	Year = {1993}}

@electronic{Jdk1.1Summary_webpage,
	Howpublished = {\url{http://www.tns.lcs.mit.edu/manuals/java-1.1.1/relnotes/features.html}},
	Title = {{JDK 1.1 New Feature Summary}}}

@electronic{JavaReflectionTutorialRetrievingClass_webpage,
	Howpublished = {\url{http://docs.oracle.com/javase/tutorial/reflect/class/classNew.html}},
	Title = {{Retrieving Class Objects}}}

@inproceedings{ReflectionAnalysisForJava_Livshits2005,
	Author = {Benjamin Livshits and John Whaley and Monica S. Lam},
	Booktitle = {LNCS 3780},
	Location = {Tsakuba, Japan},
	Month = nov,
	Pages = {139--160),},
	Title = {Reflection Analysis for Java},
	Year = {2005}}

@electronic{GooglePlayFeatures_webpage,
	Howpublished = {\url{https://play.google.com/about/features/}},
	Title = {{Google Play features}}}

@inproceedings{felt2011android,
	Author = {Felt, Adrienne Porter and Chin, Erika and Hanna, Steve and Song, Dawn and Wagner, David},
	Booktitle = {Proceedings of the 18th ACM conference on Computer and communications security},
	Organization = {ACM},
	Pages = {627--638},
	Title = {Android permissions demystified},
	Year = {2011}}

@inproceedings{6298136,
	Author = {Dong-Jie Wu and Ching-Hao Mao and Te-En Wei and Hahn-Ming Lee and Kuo-Ping Wu},
	Booktitle = {Information Security (Asia JCIS), 2012 Seventh Asia Joint Conference on},
	Doi = {10.1109/AsiaJCIS.2012.18},
	Keywords = {application program interfaces;invasive software;message passing;pattern clustering;API calls tracing;Androguard;Android malware analysis;Android malware detection;Black hat 2011;Droid Mat;DroidMat;SVD method;activity;application manifest file;clustering algorithms;component deployment;component permission;dynamic analysis;intent messages passing;k-means algorithm;kNN algorithm;recall rate;receiver;regards components;service;singular value decomposition method;static analyst paradigm;static feature-based mechanism;Androids;Clustering algorithms;Feature extraction;Humanoid robots;Malware;Smart phones;Android malware;Smartphone security;anomaly detection;feature-based;static analysis},
	Pages = {62-69},
	Title = {DroidMat: Android Malware Detection through Manifest and API Calls Tracing},
	Year = {2012},
	Bdsk-Url-1 = {https://doi.org/10.1109/AsiaJCIS.2012.18}}

@article{wu2012android,
	Author = {Wu, Dong-Jie},
	Title = {Android Malware Detection through the Combination of Vector-based Mechanism and Inter-Component Communication Privilege Graph Inference},
	Year = {2012}}

@inproceedings{5199486,
	Author = {Schmidt, A.-D. and Bye, R. and Schmidt, H.-G. and Clausen, J. and Kiraz, O. and Yuksel, K.A. and Camtepe, S.A. and Albayrak, S.},
	Booktitle = {Communications, 2009. ICC '09. IEEE International Conference on},
	Doi = {10.1109/ICC.2009.5199486},
	Issn = {1938-1883},
	Keywords = {cellular radio;groupware;invasive software;mobile computing;mobile handsets;Android environment;PART;collaborative malware detection;prism and nearest neighbor algorithms;signature-based antivirus scanners;smartphones;static analysis;Batteries;Collaboration;Collaborative work;Communications Society;Computer worms;Data security;Information security;Intrusion detection;Learning systems;Mobile computing},
	Pages = {1-5},
	Title = {Static Analysis of Executables for Collaborative Malware Detection on Android},
	Year = {2009},
	Bdsk-Url-1 = {https://doi.org/10.1109/ICC.2009.5199486}}

@article{fuchs2009scandroid,
	Author = {Fuchs, Adam P and Chaudhuri, Avik and Foster, Jeffrey S},
	Journal = {Manuscript, Univ. of Maryland, http://www. cs. umd. edu/\~{} avik/projects/scandroidascaa},
	Publisher = {Citeseer},
	Title = {SCanDroid: Automated security certification of Android applications},
	Year = {2009}}

@inproceedings{zhou2012detecting,
	Author = {Zhou, Wu and Zhou, Yajin and Jiang, Xuxian and Ning, Peng},
	Booktitle = {Proceedings of the second ACM conference on Data and Application Security and Privacy},
	Organization = {ACM},
	Pages = {317--326},
	Title = {Detecting repackaged smartphone applications in third-party android marketplaces},
	Year = {2012}}

@incollection{potharaju2012plagiarizing,
	Author = {Potharaju, Rahul and Newell, Andrew and Nita-Rotaru, Cristina and Zhang, Xiangyu},
	Booktitle = {Engineering Secure Software and Systems},
	Pages = {106--120},
	Publisher = {Springer},
	Title = {Plagiarizing smartphone applications: attack strategies and defense techniques},
	Year = {2012}}

@phdthesis{karlsen2012study,
	Author = {Karlsen, Henrik S{\o}ndberg and Wognsen, Erik Ramsgaard and Olesen, Mads Chr and Hansen, Ren{\'e} Rydhof},
	School = {Master's thesis, Aalborg University},
	Title = {Study, Formalisation, and Analysis of Dalvik Bytecode},
	Year = {2012}}

@misc{desnos2011droidbox,
	Author = {Desnos, Anthony and Lantz, Patrik},
	Title = {DroidBox: An Android Application Sandbox for Dynamic Analysis},
	Year = {2011}}

@electronic{Monkey_webpage,
	Howpublished = {\url{http://developer.android.com/tools/help/monkey.html}},
	Title = {{UI/Application Exerciser Monkey}}}

@article{ongtang2012semantically,
	Author = {Ongtang, Machigar and McLaughlin, Stephen and Enck, William and McDaniel, Patrick},
	Journal = {Security and Communication Networks},
	Number = {6},
	Pages = {658--673},
	Publisher = {Wiley Online Library},
	Title = {Semantically rich application-centric security in Android},
	Volume = {5},
	Year = {2012}}

@inproceedings{burguera2011crowdroid,
	Author = {Burguera, Iker and Zurutuza, Urko and Nadjm-Tehrani, Simin},
	Booktitle = {Proceedings of the 1st ACM workshop on Security and privacy in smartphones and mobile devices},
	Organization = {ACM},
	Pages = {15--26},
	Title = {Crowdroid: behavior-based malware detection system for android},
	Year = {2011}}

@inproceedings{portokalidis2010paranoid,
	Author = {Portokalidis, Georgios and Homburg, Philip and Anagnostakis, Kostas and Bos, Herbert},
	Booktitle = {Proceedings of the 26th Annual Computer Security Applications Conference},
	Organization = {ACM},
	Pages = {347--356},
	Title = {Paranoid Android: versatile protection for smartphones},
	Year = {2010}}

@inproceedings{lu2012chex,
	Author = {Lu, Long and Li, Zhichun and Wu, Zhenyu and Lee, Wenke and Jiang, Guofei},
	Booktitle = {Proceedings of the 2012 ACM conference on Computer and communications security},
	Organization = {ACM},
	Pages = {229--240},
	Title = {{Chex: Statically vetting Android apps for component hijacking vulnerabilities}},
	Year = {2012}}

@inproceedings{xia2015effective,
	Author = {Xia, Mingyuan and Gong, Lu and Lyu, Yuanhao and Qi, Zhengwei and Liu, Xue},
	Booktitle = {2015 IEEE Symposium on Security and Privacy},
	Organization = {IEEE},
	Pages = {899--914},
	Title = {{Effective real-time Android application auditing}},
	Year = {2015}}

@inproceedings{gibler2012androidleaks,
	Author = {Gibler, Clint and Crussell, Jonathan and Erickson, Jeremy and Chen, Hao},
	Booktitle = {International Conference on Trust and Trustworthy Computing},
	Organization = {Springer},
	Pages = {291--307},
	Title = {{AndroidLeaks: Automatically detecting potential privacy leaks in Android applications on a large scale}},
	Year = {2012}}

@inproceedings{gordon2015information,
	Author = {Gordon, Michael I and Kim, Deokhwan and Perkins, Jeff H and Gilham, Limei and Nguyen, Nguyen and Rinard, Martin C},
	Booktitle = {NDSS},
	Organization = {Citeseer},
	Title = {{Information Flow Analysis of Android Applications in DroidSafe}},
	Year = {2015}}

@misc{wala2014watson,
	Author = {Wala, TJ},
	Title = {Watson libraries for analysis},
	Year = {2014}}

@inproceedings{lam2011soot,
	Author = {Lam, Patrick and Bodden, Eric and Lhot{\'a}k, Ondrej and Hendren, Laurie},
	Booktitle = {Cetus Users and Compiler Infastructure Workshop (CETUS 2011)},
	Pages = {35},
	Title = {{The Soot framework for Java program analysis: a retrospective}},
	Volume = {15},
	Year = {2011}}

@article{burket2015making,
	Author = {Burket, Johnathon and Flynn, Lori and Klieber, Will and Lim, Jonathan and Snavely, William},
	Title = {Making DidFail succeed: Enhancing the CERT static taint analyzer for Android app sets},
	Year = {2015}}

@inproceedings{chin2011analyzing,
	Author = {Chin, Erika and Felt, Adrienne Porter and Greenwood, Kate and Wagner, David},
	Booktitle = {Proceedings of the 9th international conference on Mobile systems, applications, and services},
	Organization = {ACM},
	Pages = {239--252},
	Title = {Analyzing inter-application communication in Android},
	Year = {2011}}

@inproceedings{wei2014amandroid,
	Author = {Wei, Fengguo and Roy, Sankardas and Ou, Xinming and others},
	Booktitle = {Proceedings of the 2014 ACM SIGSAC Conference on Computer and Communications Security},
	Organization = {ACM},
	Pages = {1329--1341},
	Title = {{Amandroid: A precise and general inter-component data flow analysis framework for security vetting of Android apps}},
	Year = {2014}}

@inproceedings{elish2015need,
	Author = {Elish, Karim O and Yao, Danfeng and Ryder, Barbara G},
	Booktitle = {Proceedings of IEEE Mobile Security Technologies (MoST), in conjunction with the IEEE Symposium on Security and Privacy},
	Title = {On the need of precise inter-app ICC classification for detecting Android malware collusions},
	Year = {2015}}

@inproceedings{huang2015towards,
	Author = {Huang, Heqing and Chen, Kai and Ren, Chuangang and Liu, Peng and Zhu, Sencun and Wu, Dinghao},
	Booktitle = {Proceedings of the 10th ACM Symposium on Information, Computer and Communications Security},
	Title = {Towards discovering and understanding unexpected hazards in tailoring antivirus software for android},
	Year = {2015}}

@inproceedings{zhang2014viewdroid,
	Author = {Zhang, Fangfang and Huang, Heqing and Zhu, Sencun and Wu, Dinghao and Liu, Peng},
	Booktitle = {Proceedings of the 2014 ACM conference on Security and privacy in wireless \& mobile networks},
	Title = {ViewDroid: Towards obfuscation-resilient mobile application repackaging detection},
	Year = {2014}}

@article{neuner2014enter,
	Author = {Neuner, Sebastian and Van der Veen, Victor and Lindorfer, Martina and Huber, Markus and Merzdovnik, Georg and Mulazzani, Martin and Weippl, Edgar},
	Journal = {arXiv preprint arXiv:1410.7749},
	Title = {Enter sandbox: Android sandbox comparison},
	Year = {2014}}

@article{fedler2013effectiveness,
	Author = {Fedler, Rafael and Sch{\"u}tte, Julian and Kulicke, Marcel},
	Journal = {Fraunhofer AISEC},
	Title = {On the effectiveness of malware protection on android},
	Volume = {45},
	Year = {2013}}

@inproceedings{spreitzenbarth2013mobile,
	Author = {Spreitzenbarth, Michael and Freiling, Felix and Echtler, Florian and Schreck, Thomas and Hoffmann, Johannes},
	Booktitle = {Proceedings of the 28th Annual ACM Symposium on Applied Computing},
	Organization = {ACM},
	Pages = {1808--1815},
	Title = {Mobile-sandbox: having a deeper look into android applications},
	Year = {2013}}

@inproceedings{rastogi2013droidchameleon,
	Author = {Rastogi, Vaibhav and Chen, Yan and Jiang, Xuxian},
	Booktitle = {Proceedings of the 8th ACM SIGSAC symposium on Information, computer and communications security},
	Organization = {ACM},
	Pages = {329--334},
	Title = {Droidchameleon: evaluating android anti-malware against transformation attacks},
	Year = {2013}}

@inproceedings{protsenko2013pandora,
	Author = {Protsenko, Mykola and M{\"u}ller, Tilo},
	Booktitle = {Malicious and Unwanted Software:" The Americas"(MALWARE), 2013 8th International Conference on},
	Organization = {IEEE},
	Pages = {59--67},
	Title = {Pandora applies non-deterministic obfuscation randomly to android},
	Year = {2013}}

@inproceedings{vidas2014evading,
	Author = {Vidas, Timothy and Christin, Nicolas},
	Booktitle = {Proceedings of the 9th ACM symposium on Information, computer and communications security},
	Organization = {ACM},
	Pages = {447--458},
	Title = {Evading android runtime analysis via sandbox detection},
	Year = {2014}}

@article{maier2015game,
	Acmid = {2869258},
	Address = {Oxford, UK, UK},
	Author = {Maier, Dominik and Protsenko, Mykola and M\"{u}ller, Tilo},
	Doi = {10.1016/j.cose.2015.05.001},
	Issn = {0167-4048},
	Issue_Date = {October 2015},
	Journal = {Comput. Secur.},
	Keywords = {Android malware, Dynamic code loading, Dynamic script loading},
	Month = oct,
	Number = {C},
	Numpages = {14},
	Pages = {2--15},
	Publisher = {Elsevier Advanced Technology Publications},
	Title = {A Game of Droid and Mouse},
	Url = {http://dx.doi.org/10.1016/j.cose.2015.05.001},
	Volume = {54},
	Year = {2015},
	Bdsk-Url-1 = {http://dx.doi.org/10.1016/j.cose.2015.05.001}}

@inproceedings{Vidas,
	Acmid = {2590325},
	Address = {New York, NY, USA},
	Author = {Vidas, Timothy and Christin, Nicolas},
	Booktitle = {Proceedings of the 9th ACM Symposium on Information, Computer and Communications Security},
	Doi = {10.1145/2590296.2590325},
	Isbn = {978-1-4503-2800-5},
	Keywords = {android, evasion, malware, sandbox},
	Location = {Kyoto, Japan},
	Numpages = {12},
	Pages = {447--458},
	Publisher = {ACM},
	Series = {ASIA CCS '14},
	Title = {Evading Android Runtime Analysis via Sandbox Detection},
	Url = {http://doi.acm.org/10.1145/2590296.2590325},
	Year = {2014},
	Bdsk-Url-1 = {http://doi.acm.org/10.1145/2590296.2590325},
	Bdsk-Url-2 = {https://doi.org/10.1145/2590296.2590325}}

@inproceedings{Diao,
	Acmid = {2939926},
	Address = {New York, NY, USA},
	Author = {Diao, Wenrui and Liu, Xiangyu and Li, Zhou and Zhang, Kehuan},
	Booktitle = {Proceedings of the 9th ACM Conference on Security \&\#38; Privacy in Wireless and Mobile Networks},
	Doi = {10.1145/2939918.2939926},
	Isbn = {978-1-4503-4270-4},
	Keywords = {android malware, dynamic analysis, programmed interaction},
	Location = {Darmstadt, Germany},
	Numpages = {6},
	Pages = {159--164},
	Publisher = {ACM},
	Series = {WiSec '16},
	Title = {Evading Android Runtime Analysis Through Detecting Programmed Interactions},
	Url = {http://doi.acm.org/10.1145/2939918.2939926},
	Year = {2016},
	Bdsk-Url-1 = {http://doi.acm.org/10.1145/2939918.2939926},
	Bdsk-Url-2 = {https://doi.org/10.1145/2939918.2939926}}

@inproceedings{Jing,
	Acmid = {2664250},
	Address = {New York, NY, USA},
	Author = {Jing, Yiming and Zhao, Ziming and Ahn, Gail-Joon and Hu, Hongxin},
	Booktitle = {Proceedings of the 30th Annual Computer Security Applications Conference},
	Doi = {10.1145/2664243.2664250},
	Isbn = {978-1-4503-3005-3},
	Keywords = {Android, emulator, malware},
	Location = {New Orleans, Louisiana, USA},
	Numpages = {10},
	Pages = {216--225},
	Publisher = {ACM},
	Series = {ACSAC '14},
	Title = {Morpheus: Automatically Generating Heuristics to Detect Android Emulators},
	Url = {http://doi.acm.org/10.1145/2664243.2664250},
	Year = {2014},
	Bdsk-Url-1 = {http://doi.acm.org/10.1145/2664243.2664250},
	Bdsk-Url-2 = {https://doi.org/10.1145/2664243.2664250}}

@inproceedings{Mutti:2015:BLA:2818000.2818036,
	Acmid = {2818036},
	Address = {New York, NY, USA},
	Author = {Mutti, Simone and Fratantonio, Yanick and Bianchi, Antonio and Invernizzi, Luca and Corbetta, Jacopo and Kirat, Dhilung and Kruegel, Christopher and Vigna, Giovanni},
	Booktitle = {Proceedings of the 31st Annual Computer Security Applications Conference},
	Doi = {10.1145/2818000.2818036},
	Isbn = {978-1-4503-3682-6},
	Keywords = {Android, Bare-metal Analysis, Evasive Malware},
	Location = {Los Angeles, CA, USA},
	Numpages = {10},
	Pages = {71--80},
	Publisher = {ACM},
	Series = {ACSAC 2015},
	Title = {BareDroid: Large-Scale Analysis of Android Apps on Real Devices},
	Url = {http://doi.acm.org/10.1145/2818000.2818036},
	Year = {2015},
	Bdsk-Url-1 = {http://doi.acm.org/10.1145/2818000.2818036},
	Bdsk-Url-2 = {https://doi.org/10.1145/2818000.2818036}}

@misc{nviso,
	Howpublished = {\url{https://apkscan.nviso.be/}},
	Note = {Accessed: 2016-02-27},
	Title = {NVISO Apk-Scan}}

@misc{apphack,
	Howpublished = {\url{https://apphack.com}},
	Note = {Accessed: 2016-02-27},
	Title = {Apphack mobile scanner}}

@misc{total2012virustotal,
	Author = {Total, Virus},
	Title = {VirusTotal-Free Online Virus, Malware and URL Scanner},
	Year = {2012}}

@misc{koodus,
	Howpublished = {\url{https://koodous.com}},
	Note = {Accessed: 2016-02-27},
	Title = {Koodus collaborative platform}}

@misc{aptoide,
	Howpublished = {\url{http://m.aptoide.com/?lang=it}},
	Note = {Accessed: 2016-02-27},
	Title = {Aptoide third-party store}}

@misc{amazon,
	Howpublished = {\url{https://www.amazon.com/mobile-apps/b?ie=UTF8&node=2350149011}},
	Note = {Accessed: 2016-02-27},
	Title = {Amazon application store}}

@misc{joesandbox,
	Howpublished = {\url{http://www.joesecurity.org/joe-sandbox-mobile}},
	Title = {Joe mobile Sandbox},
	Year = {2016}}

@misc{AndroidHooker,
	Howpublished = {\url{https://github.com/AndroidHooker/hooker}},
	Note = {Accessed: 2016-02-27},
	Title = {Android Hooker}}

@misc{Cydia,
	Howpublished = {\url{http://www.cydiasubstrate.com}},
	Note = {Accessed: 2016-02-27},
	Title = {Cydia substrate for Android}}

@inproceedings{tam2015copperdroid,
	Author = {Tam, Kimberly and Khan, Salahuddin J and Fattori, Aristide and Cavallaro, Lorenzo},
	Booktitle = {NDSS},
	Title = {CopperDroid: Automatic Reconstruction of Android Malware Behaviors.},
	Year = {2015}}

@article{van2013dynamic,
	Author = {Van Der Veen, Victor and Bos, Herbert and Rossow, Christian},
	Journal = {Internet \& Web Technology Master thesis, VU University Amsterdam},
	Title = {Dynamic analysis of android malware},
	Year = {2013}}

@article{weichselbaum2014andrubis,
	Author = {Weichselbaum, Lukas and Neugschwandtner, Matthias and Lindorfer, Martina and Fratantonio, Yanick and van der Veen, Victor and Platzer, Christian},
	Journal = {Vienna University of Technology, Tech. Rep. TRISECLAB-0414},
	Pages = {5},
	Title = {Andrubis: Android malware under the magnifying glass},
	Volume = {1},
	Year = {2014}}

@misc{botnet2014sanddroid,
	Author = {Botnet Research Team and others},
	Title = {SandDroid: An APK Analysis Sandbox. Xi'an Jiaotong University},
	Year = {2014}}

@inproceedings{blackthorne2016avleak,
	Author = {Blackthorne, Jeremy and Bulazel, Alexei and Fasano, Andrew and Biernat, Patrick and Yener, B{\"u}lent},
	Booktitle = {Proceedings of the 10th USENIX Conference on Offensive Technologies},
	Organization = {USENIX Association},
	Pages = {91--105},
	Title = {AVLeak: Fingerprinting antivirus emulators through black-box testing},
	Year = {2016}}

@inproceedings{karma,
	Author = {Chen, Yue and Zhang, Yulong and Wang, Zhi and Xia, Liangzhao and Bao, Chenfu and Wei, Tao},
	Booktitle = {Proceedings of the 26th USENIX Security Symposium (USENIX Security 17)},
	Title = {Adaptive android kernel live patching},
	Year = {2017}}

@inproceedings{CuriousDroid,
	Author = {P. Carter, C. Mulliner, M. Lindorfer, W. Robertson, and E. Kirda},
	Booktitle = {In Financial Cryptography and Data Security - 20th Internationa Conference (FC)},
	Title = {CuriousDroid: Automated User Interface Interaction for Android Application Analysis Sandboxes},
	Year = {2016}}

@misc{cve-2008-1368,
	Day = 17,
	Institution = {NIST},
	Key = {CVE-2008-1368},
	Month = {March},
	Note = {[online] \url{http://nvd.nist.gov/nvd.cfm?cvename=CVE-2008-1368}},
	Title = {Publication quality tables in \LaTeX*},
	Url = {http://nvd.nist.gov/nvd.cfm?cvename=CVE-2008-1368},
	Year = 2008,
	Bdsk-Url-1 = {http://nvd.nist.gov/nvd.cfm?cvename=CVE-2008-1368}}

@misc{prime-number-theorem,
	Author = {Charles Louis Xavier Joseph de la Vall{\'e}e Poussin},
	Note = {A strong form of the prime number theorem, 19th century}}

@article{Ancey1996,
	Author = {Ancey, Christophe and Coussot, Philippe and Evesque, Pierre},
	Journal = {Mechanics of Cohesive-frictional Materials},
	Number = {4},
	Pages = {385--403},
	Title = {Examination of the possibility of a fluid-mechanics treatment of dense granular flows},
	Url = {http://doi.wiley.com/10.1002/(SICI)1099-1484(199610)1:4<385::AID-CFM20>3.0.CO;2-0},
	Volume = {1},
	Year = {1996},
	Bdsk-Url-1 = {http://doi.wiley.com/10.1002/(SICI)1099-1484(199610)1:4%3C385::AID-CFM20%3E3.0.CO;2-0}}

@mastersthesis{Sim90,
	Author = {A. Simoni\v{c}},
	School = {Univerza v Ljubljani, FNT, Oddelek za Matematiko},
	Title = {Grupe Operatorjev s Pozitivnim Spektrom},
	Year = {1990}}

@unpublished{Sim91,
	Author = {A. Simoni\v{c}},
	Note = {Lecture Notes, Dalhousie University, Department of Mathematics, Statistics, \& Computing Science},
	Title = {Notes on {Subharmonic} {Functions}},
	Year = {1991}}

@article{Sim92,
	Author = {A. Simoni\v{c}},
	Journal = {Linear Algebra Appl.},
	Pages = {57-76},
	Title = {Matrix {Groups} with {Positive} {Spectra}},
	Volume = {173},
	Year = {1992}}

@phdthesis{Sim94,
	Author = {A. Simoni\v{c}},
	School = {Dalhousie University, Department of Mathematics, Statistics, \& Computing Science},
	Title = {An {Extension} of {Lomonosov's} {Techniques} to {Non}-{Compact} {Operators}},
	Year = {1994}}
